@inproceedings{DBLP:conf/sacmat/DunlapER22,
  author    = {Trevor Dunlap and
               William Enck and
               Bradley Reaves},
  _editor    = {Sven Dietrich and
               Omar Chowdhury and
               Daniel Takabi},
  title     = {A Study of Application Sandbox Policies in Linux},
  booktitle = {Proceedings of the 27th {ACM} Symposium on Access Control Models and
               Technologies, {SACMAT}},
  pages     = {19--30},
  publisher = {{ACM}},
  year      = {2022},
  url       = {https://doi.org/10.1145/3532105.3535016},
  doi       = {10.1145/3532105.3535016},
  timestamp = {Mon, 13 Jun 2022 16:36:17 +0200},
  biburl    = {https://dblp.org/rec/conf/sacmat/DunlapER22.bib},
  bibsource = {dblp computer science bibliography, https://dblp.org}
}

@inproceedings{saraswat2020cloud,
  title={{Cloud computing: Comparison and analysis of cloud service providers-AWs, Microsoft and Google}},
  author={Saraswat, Manish and Tripathi, RC},
  booktitle={2020 9th international conference system modeling and advancement in research trends (SMART)},
  pages={281--285},
  year={2020},
  organization={IEEE}
}

@article{li2011comparing,
  title={Comparing public-cloud providers},
  author={Li, Ang and Yang, Xiaowei and Kandula, Srikanth and Zhang, Ming},
  journal={IEEE Internet Computing},
  volume={15},
  number={2},
  pages={50--53},
  year={2011},
  publisher={IEEE}
}

@article{DBLP:journals/corr/abs-2208-14482,
  author       = {Rehnuma Tasnim and
                  Afrin Akter Mim and
                  Salman Hasan Mim and
                  Md. Ismail Jabiullah},
  title        = {{A Comparative Study On Three Selective Cloud Providers}},
  journal      = {CoRR},
  volume       = {abs/2208.14482},
  year         = {2022},
  url          = {https://doi.org/10.48550/arXiv.2208.14482},
  doi          = {10.48550/ARXIV.2208.14482},
  eprinttype    = {arXiv},
  eprint       = {2208.14482},
  timestamp    = {Thu, 01 Sep 2022 16:26:29 +0200},
  biburl       = {https://dblp.org/rec/journals/corr/abs-2208-14482.bib},
  bibsource    = {dblp computer science bibliography, https://dblp.org}
}

@inproceedings{marashdeh2021survey,
  title={{A survey on sql injection attack: Detection and challenges}},
  author={Marashdeh, Zain and Suwais, Khaled and Alia, Mohammad},
  booktitle={2021 International Conference on Information Technology (ICIT)},
  pages={957--962},
  year={2021},
  organization={IEEE}
}

@article{alwan2017detection,
  title={{Detection and prevention of SQL injection attack: a survey}},
  author={Alwan, Zainab S and Younis, Manal F},
  journal={International Journal of Computer Science and Mobile Computing},
  volume={6},
  number={8},
  pages={5--17},
  year={2017}
}

@book{hillier2013introduccao,
  title={Introdu{\c{c}}{\~a}o {\`a} pesquisa operacional},
  author={Hillier, Frederick S and Lieberman, Gerald J},
  year={2013},
  publisher={McGraw Hill Brasil}
}

@inproceedings{DBLP:conf/secrypt/BrodschelmG22,
  author    = {Lukas Brodschelm and
               Marcus Gelderie},
  _editor    = {Sabrina De Capitani di Vimercati and
               Pierangela Samarati},
  title     = {Application Sandboxing for Linux Desktops: {A} User-friendly Approach},
  booktitle = {Proceedings of the 19th International Conference on Security and Cryptography,
               SECRYPT},
  pages     = {317--324},
  publisher = {{SCITEPRESS}},
  year      = {2022},
  url       = {https://doi.org/10.5220/0011145800003283},
  doi       = {10.5220/0011145800003283},
  timestamp = {Thu, 04 Aug 2022 11:04:46 +0200},
  biburl    = {https://dblp.org/rec/conf/secrypt/BrodschelmG22.bib},
  bibsource = {dblp computer science bibliography, https://dblp.org}
}


@misc{site-nvidia-cuda,
  author       = {NVIDIA},
  howpublished = {\url{https://developer.nvidia.com/cuda-toolkit}},
  title        = {CUDA Toolkit},
  year         = {2022}
}


@misc{github-ds-contest-tools,
  author       = {Daniel Saad and Matheus Loiola and Leonam Knupp},
  howpublished = {\url{https://github.com/danielsaad/ds-contest-tools}},
  title        = {{DS Contest Tools}},
  year         = {2018-2024}
}

@misc{site-ds-contest-tools,
  author       = {Daniel Saad and Matheus Loiola and Leonam Knupp},
  howpublished = {\url{https://danielsaad.com/ds-contest-tools}},
  title        = {{DS Contest Tools: Documentação}},
  year         = {2018-2024}
}
@misc{site-normaliza,
  author       = {Normaliza IFB},
  howpublished = {\url{https://normaliza.ifb.edu.br/doku.php}},
  title        = {Manual de normalização de trabalhos acadêmicos},
  year         = {2023}
}

@book{silva2021normalizaccao,
  title={Normaliza{\c{c}}{\~a}o de Publica{\c{c}}{\~o}es T{\'e}cnicas e/ou Cient{\'\i}ficas: Guia Pr{\'a}tico para Docentes, Pesquisadores e Discentes de Cursos T{\'e}cnicos, Superiores e P{\'o}s-Gradua{\c{c}}{\~a}o: Atualizado Conforme a Norma ABNT NBR 6023/2018},
  author={Silva, Nat{\'a}lia Rodrigues},
  year={2021},
  publisher={Editora Appris}
}

@inproceedings{DBLP:conf/spire/BrisaboaLN09,
  author    = {Nieves R. Brisaboa and
               Susana Ladra and
               Gonzalo Navarro},
  editor    = {Jussi Karlgren and
               Jorma Tarhio and
               Heikki Hyyr{\"{o}}},
  title     = {{$K^2$-Trees for Compact Web Graph Representation}},
  booktitle = {Proceedings of the 16th  International Symposium on String Processing and Information Retrieval,,
               {SPIRE}},
  series    = {Lecture Notes in Computer Science},
  volume    = {5721},
  pages     = {18--30},
  publisher = {Springer},
  year      = {2009},
  url       = {https://doi.org/10.1007/978-3-642-03784-9\_3},
  doi       = {10.1007/978-3-642-03784-9\_3},
  timestamp = {Tue, 01 Jun 2021 15:22:59 +0200},
  biburl    = {https://dblp.org/rec/conf/spire/BrisaboaLN09.bib},
  bibsource = {dblp computer science bibliography, https://dblp.org}
}

@misc{csunplugged,
  author       = {{CS Unplugged}},
  howpublished = {\url{https://www.csunplugged.org/en/}},
  title        = {{CS Unplugged website}},
  year         = {2022}
}


@misc{sqtpm,
  author       = {{Guilherme Telles}},
  howpublished = {\url{https://github.com/gptelles/sqtpm}},
  title        = {{SQTPM}},
  year         = {2022}
}


@article{man1996approximation,
  title={Approximation algorithms for bin packing: A survey},
  author={Coffman, E. G. and Garey, M. R. and Johnson, D. S.},
  journal={Approximation algorithms for NP-hard problems},
  pages={46--93},
  year={1996},
  publisher={PWS Publishing Company Boston, MA, USA}
}

@article{munien2021metaheuristic,
  title={Metaheuristic algorithms for one-dimensional bin-packing problems: A survey of recent advances and applications},
  author={Munien, Chanale{\"a} and Ezugwu, Absalom E},
  journal={Journal of Intelligent Systems},
  volume={30},
  number={1},
  pages={636--663},
  year={2021},
  publisher={De Gruyter}
}

@misc{site-maratona-ifb,
  author={Daniel Saad},
  title={{Maratona de Programação IFB}},
  howpublished = {\url{https://danielsaad.com/maratona}},
  note={acessado em abril de 2023}
}
